<record><leader>00000cas a2200000 a 4500</leader><controlfield tag="001">17023412</controlfield><controlfield tag="008">871124d18751910wauwr ne      0    0eng d</controlfield><controlfield tag="009">8539</controlfield><datafield ind1=" " ind2=" " tag="010"><subfield code="a">sn 87093109 </subfield></datafield><datafield ind1=" " ind2=" " tag="040"><subfield code="a">SLZ</subfield><subfield code="c">SLZ</subfield><subfield code="d">CNK</subfield><subfield code="d">OCL</subfield><subfield code="d">OCLCQ</subfield></datafield><datafield ind1="1" ind2=" " tag="029"><subfield code="a">AU@</subfield><subfield code="b">000025839580</subfield></datafield><datafield ind1=" " ind2=" " tag="042"><subfield code="a">msc</subfield></datafield><datafield ind1=" " ind2=" " tag="043"><subfield code="a">n-us-wa</subfield></datafield><datafield ind1="0" ind2="4" tag="245"><subfield code="a">The Vancouver independent.</subfield></datafield><datafield ind1=" " ind2=" " tag="260"><subfield code="a">Vancouver, W.T. [Wash.] :</subfield><subfield code="b">Independent Pub. Co.</subfield></datafield><datafield ind1=" " ind2=" " tag="300"><subfield code="a">v.</subfield></datafield><datafield ind1=" " ind2=" " tag="310"><subfield code="a">Weekly</subfield></datafield><datafield ind1="0" ind2=" " tag="362"><subfield code="a">Vol. 1, no. 1 (Sept. 4, 1875)-</subfield></datafield><datafield ind1="1" ind2=" " tag="362"><subfield code="a">Ceased in 1910.</subfield></datafield><datafield ind1=" " ind2="0" tag="651"><subfield code="a">Vancouver (Wash.)</subfield><subfield code="v">Newspapers.</subfield></datafield><datafield ind1=" " ind2=" " tag="752"><subfield code="a">United States</subfield><subfield code="b">Washington</subfield><subfield code="c">Clark</subfield><subfield code="d">Vancouver.</subfield></datafield><datafield ind1="0" ind2="7" tag="785"><subfield code="t">Chronicle (Vancouver, Wash.)</subfield></datafield><datafield ind1="0" ind2="7" tag="785"><subfield code="t">Independent chronicle</subfield></datafield></record>